% -------------
% Sites
% -------------

@misc{org_homepage,
title={ORG Contabilidade \& Gestão Empresarial},
Organization={ORG Contabilidade \& Gest\~ao Empresarial},
url={https://orgcontabilidade.com.br/},
year={2022},
urlaccessdate = {12 abr. 2022}
}


@misc{domonio_homepage,
title={Domínio Sistemas},
Organization={Thomson Reuters},
url={https://www.dominiosistemas.com.br/},
year={2022},
urlaccessdate = {18 abr. 2022}
}

@misc{dominioweb,
Organization={Thomson Reuters},
title = {Domínio Web},
url = {https://www.dominioweb.com.br/},
urlaccessdate = {18 abr. 2022},
year={2022}
}

@misc{dominio-atendimento,
Organization={Thomson Reuters},
title = {Domínio Atendimento},
url = {https://www.dominioatendimento.com/},
urlaccessdate = {18 abr. 2022},
year={2022}
}


% -------------
% Metodologia Científica
% -------------



% -------------
% Artigos
% -------------
@article{da2019diretrizes,
  title={AS DIRETRIZES CURRICULARES PARA O CURSO DE CI{\^E}NCIAS CONT{\'A}BEIS: REFORMAS, CONTE{\'U}DOS E PERSPECTIVAS DE INOVA{\c{C}}{\~A}O},
  author={da Silva, Fabio Gomes and Eduardo, Ant{\^o}nio S{\'e}rgio and Maldonado, Ana Denise Ribeiro Mendon{\c{c}}a and Ribeiro, Jos{\'e} Soares},
  journal={Encontro Internacional de Gest{\~a}o, Desenvolvimento e Inova{\c{c}}{\~a}o (EIGEDIN)},
  volume={3},
  number={1},
  year={2019}
}

@article{santana2021analise,
  title={Uma an{\'a}lise da percep{\c{c}}{\~a}o acad{\^e}mica de Ci{\^e}ncias Cont{\'a}beis sobre o est{\'a}gio supervisionado frente a inser{\c{c}}{\~a}o mercadol{\'o}gica},
  author={de Santana, Felipe Borges and Sales, Jefferson David Araujo and Corn{\'e}lio, E{\'u}de Do Amor and do Nascimento, Esdras Antunes},
  journal={REVISTA ENIAC PESQUISA},
  volume={10},
  number={1},
  pages={39--58},
  year={2021}
}

@article{leal2020papel,
  title={O papel do est{\'a}gio doc{\^e}ncia no desenvolvimento de compet{\^e}ncias did{\'a}tico-pedag{\'o}gicas no contexto da p{\'o}s-gradua{\c{c}}{\~a}o em Contabilidade},
  author={Leal, Edvalda Araujo and Ferreira, Layne Vitoria and de Farias, Ra{\'\i}ssa Silveira},
  journal={Revista de Educa{\c{c}}{\~a}o e Pesquisa em Contabilidade (REPeC)},
  volume={14},
  number={2},
  year={2020}
}

@article{de2019estudo,
  title={Um estudo a respeito do est{\'a}gio curricular supervisionado nos cursos de Ci{\^e}ncias Cont{\'a}beis no Brasil com foco na teoria experiencial de aprendizagem},
  author={de Sousa, Marco Aur{\'e}lio Batista and Miranda, Gilberto Jos{\'e}},
  journal={Revista Contempor{\^a}nea de Contabilidade},
  volume={16},
  number={39},
  pages={66--88},
  year={2019}
}

@article{alcantara2021percepccao,
  title={Percep{\c{c}}{\~a}o dos alunos do curso de ci{\^e}ncias cont{\'a}beis sobre o est{\'a}gio curricular obrigat{\'o}rio},
  author={Alc{\^a}ntara, Caio Cesar Violin and Marques, Kelly Cristina Mucio and Marques, Claudio},
  journal={Revista Contabilidade e Controladoria},
  volume={12},
  number={2},
  year={2021}
}


@article{AssafNetoArt,
  title={Uma Proposta Metodológica para o  Cálculo do Custo de Capital no Brasil},
  author={Assaf, Neto, Alexandre and Lima, Fabiano Guasi and Ara{\'u}jo, Adriana Maria Procópio de},
  journal={Revista de Administração},
  volume={43},
  number={1},
  pages={72--83},
  year={2008},
  address={São Paulo},
  month= {jan./fev./mar.}
}


@article{FamaCAPM,
  title={O Modelo de Precificação de Ativos de Capital},
  subtitle={Teoria e Evid{\^e}ncias},
  author={Fama, Eugene F. and French, Kenneth R.},
  journal={Revista de Administração de Empresas},
  volume={47},
  number={2},
  pages={103--118},
  year={2007},
  address={São Paulo},
}

% -------------
% Livros de Contabilidade e Administração
% -------------

@book{osni2013contabfacil,
    title={Contabilidade Geral Fácil},
    author={Osni Moura Ribeiro},
    publisher={Saraiva},
    address={São Paulo},
    year={2013},
    edition={9}
}

@book{feausp2010contabintro,
    title={Contabilidade Introdut\'oria},
    author={S\'ergio de Iud\'icibus and Eliseu Martins and Stephen Charles Knitz and Alk\'indas de Toledo Ramos and Edison Castilho and Luiz Benatti and Weber\;Filho, Eduardo and Domingues\;J\'unior, Ramon},
    year={2010},
    publisher={Editora Atlas},
    address={S\~ao Paulo},
    edition={11}
}

@book{feausp2010contabsocietaria,
    title={Manual de contabilidade societária},
    author={S\'ergio de Iud\'icibus and Eliseu Martins and Ernesto Rubens Gelbcke and Ariovaldo dos Santos},
    year={2010},
    publisher={Editora Atlas},
    address={S\~ao Paulo}
}

@book{hendriksen1999teoriacontab,
    title={Teoria da Contabilidade},
    author={Edson S. Hendriksen and Michael F. Van Breda},
    year={1999},
    publisher={Editora Atlas},
    address={S\~ao Paulo},
    translator={Antonio Zoratto Savicente},
    edition={5}
}

@book{chiavenato2010gestao,
    title={Gest{\~a}o de pessoas},
    author={Chiavenato, Idalberto},
    year={2010},
    publisher={Elsevier Brasil},
    address = {Rio de Janeiro},
    edition = {3},
}

@book{chiavenato2014tga,
    title={Introdu{\c{c}}{\~a}o {\`a} teoria geral da  administra{\c{c}}{\~a}o},
    author={Chiavenato, Idalberto},
    year={2014},
    publisher={Elsevier Brasil},
    address = {Rio de Janeiro},
    edition = {9},
}


@Book{contabfeausp,
    author = {IUD{\'I}CIBUS, S{\'e}rgio de and MARTINS, Eliseu and KANITZ, Stephen Charles and others},
    title = {Contabilidade Introdut{\'o}ria/equipe de professores da Faculdade de Economia, Administra{\c{c}}{\~a}o e Contabilidade da USP},
    publisher = {Atlas},
    year = {2010},
    address = {São Paulo},
    edition = {11},
}

@Book{gitman,
    author = {Lawrence J. Gitman},
    title = {Princípios de administração financeira},
    publisher = {Pearson Prentice Hall},
    year = {2010},
    address = {São Paulo},
    edition = {12},
}

@Book{lemesjr,
    author = {Lemes, Jr., Antônio Barbosa and Rigo, Cláudio Miessa and Cherobim, Ana Paula Mussi Szabo},
    title = {Administração financeira},
    subtitle = {princípios, fundamentos e práticas 
financeira},
    publisher = {Elsevier},
    year = {2010},
    address = {Rio de Janeiro},
    edition = {3},
}

% -------------
% Livros Programação/Python
% -------------

% -------------
% Livros Matemática/Estatistica]
% -------------

% -------------
% Livros Metodologia Científica
% -------------
@Book{gil,
    author = {Antonio Carlos Gil},
    title = {Como elaborar projetos de pesquisa},
    publisher = {Atlas},
    year = {2002},
    address = {São Paulo},
    edition = {4},
}

@Book{prodanov,
    author = {Prodanov, Cleber Cristiano and Freitas, Ernani Cesar de},
    title = {Metodologia do trabalho científico},
    subtitle = {métodos e técnicas de pesquisa e do trabalho científico},
    publisher = {Feevale},
    year = {2013},
    address = {Nova Hamburgo},
    edition = {2},
}

@Book{creswell,
    author = {Creswell, John W.},
    title = {Projeto de pesquisa},
    subtitle = {métodos qualitativo, quantitativo e misto},
    publisher = {Artmed},
    year = {2010},
    address = {Porto Alegre},
    edition = {3},
}

@Book{lakatos,
    author = {Marconi, Marina de Andrade and Lakatos, Eva Maria},
    title = {Fundamentos de metodologia científica},
    publisher = {Atlas},
    year = {2017},
    address = {São Paulo},
    edition = {8},
}

@Book{demo,
    author = {Demo, Pedro},
    title = {Metodologia científica em ciências sociais},
    publisher = {Atlas},
    year = {1995},
    address = {São Paulo},
    edition = {3},
}

% -------------
% Legislação
% -------------

@article{parecer289,
    title = {{Parecer CNE/CES nº 289/2003, aprovado em 6 de novembro de 2003 - Aprova as Diretrizes Curriculares Nacionais para o Curso de Graduação em Ciências Contábeis, bacharelado.}},
    organization = {Minist\'erio da Educa{\c c}\~ao},
    url = {http://portal.mec.gov.br/cne/arquivos/pdf/2003/pces289_03.pdf},
    urlaccessdate={30 abr. 2022},
    year={2003}
}

@article{parecer269,
    title = {{Parecer CNE/CES nº 269/2004, aprovado em 16 de setembro de 2004 - Alteração do Parecer CNE/CES 289/2003 e da Resolução CNE/CES 6/2004, relativos às Diretrizes Curriculares Nacionais do curso de graduação em Ciências Contábeis.}},
    organization = {Minist\'erio da Educa{\c c}\~ao},
    url = {http://portal.mec.gov.br/cne/arquivos/pdf/pces269_04.pdf},
    urlaccessdate={30 abr. 2022},
    year={2004}
}

@article{resolucao6,
    title = {{Resolução CNE/CES nº 6, de 10 de março de 2004. Institui as Diretrizes Curriculares Nacionais do Curso de Graduação em Ciências Contábeis, bacharelado, e dá outras providências.}},
    organization = {Minist\'erio da Educa{\c c}\~ao},
    url = {http://portal.mec.gov.br/cne/arquivos/pdf/rces06_04.pdf},
    urlaccessdate={30 abr. 2022},
    year={2004}
}

@article{resolucao10,
    title = {{Resolução CNE/CES nº 10, de 16 de dezembro de 2004. Institui as Diretrizes Curriculares Nacionais para o Curso de Graduação em Ciências Contábeis, bacharelado, e dá outras providências.}},
    organization = {Minist\'erio da Educa{\c c}\~ao},
    url = {http://portal.mec.gov.br/cne/arquivos/pdf/rces10_04.pdf},
    urlaccessdate={30 abr. 2022},
    year={2004}
}


@article{lei11788estagio,
    title = {Lei nº 11.788, de 25 de Setembro de 2008. \uppercase{D}ispõe sobre o estágio de estudantes; altera a redação do art. 428 da Consolidação das Leis do Trabalho – CLT, aprovada pelo Decreto-Lei no 5.452, de 1o de maio de 1943, e a Lei no 9.394, de 20 de dezembro de 1996; revoga as Leis nos 6.494, de 7 de dezembro de 1977, e 8.859, de 23 de março de 1994, o parágrafo único do art. 82 da Lei no 9.394, de 20 de dezembro de 1996, e o art. 6o da Medida Provisória  no 2.164-41, de 24 de agosto de 2001; e dá outras providências.},
    author = {BRASIL},
    url = {https://www.planalto.gov.br/ccivil_03/_Ato2007-2010/2008/Lei/L11788.htm},
    urlaccessdate={13 abr. 2022},
    year={2008}
}

@article{ppc_cienciascontabeis,
    title = {{Resolução Nº 07, de 15 de Abril de 2015. Dispõe  sobre  a  atualização  do  Projeto  Pedagógico  do Curso   (PPC)   de   Ciências   Contábeis   (Câmpus   de Palmas).}},
    organization = {Universidade Federal do Tocantins},
    url = {https://docs.uft.edu.br/share/s/EAjSmDhUQGuMMvIDXaGyKQ},
    urlaccessdate={13 abr. 2022},
    year={2015}
}


@article{lei6404,
    title = {Lei nº 6.404, de 15 de dezembro de 1976. Disp{\~o}e sobre a Lei das Sociedades por A{\c{c}}{\~o}es},
    author = {BRASIL},
    url = {http://www.planalto.gov.br/ccivil_03/leis/L6404compilada.htm},
    urlaccessdate={20 abr. 2022},
    year={1976}
}

@article{lei10404codcivil,
    title = {Lei nº 10.406, de 10 de janeiro de 2002. Institui o C\'odigo Civil.},
    author = {BRASIL},
    url = {https://www.planalto.gov.br/ccivil_03/LEIS/2002/L10406compilada.htm},
    urlaccessdate={20 abr. 2022},
    year={2002}
}


% -------------
% Informações sobre Covid-19
% -------------

% -------------
% Dados Institucionais
% -------------
@misc{b3ValorMercado2022,
title={Valor de mercado das empresas listadas},
author={{B3}},
url={https://www.b3.com.br/pt_br/market-data-e-indices/servicos-de-dados/market-data/consultas/mercado-a-vista/valor-de-mercado-das-empresas-listadas/bolsa-de-valores-mensal/},
year={2022},
urlaccessdate = {22 Fev. 2022}
}

@Misc{bovespa,
author = {{BM\&FBOVESPA}},
title = {
Histórico de pessoas físicas},
year = {2018},
url = {http://www.bmfbovespa.com.br/pt_br/servicos/market-data/consultas/historico-pessoas-fisicas/},
urlaccessdate = {21 mai. 2018}
}

% -------------
% Notícias
% -------------



@book{ibge1993,
	Address = {Rio de Janeiro},
	Author = {IBGE},
	Date-Added = {2013-08-21 13:56:10 +0000},
	Date-Modified = {2013-08-21 13:56:10 +0000},
	Edition = {3},
	Organization = {http://biblioteca.ibge.gov.br/visualizacao/livros/liv23907.pdf},
	Publisher = {Centro de Documenta{\c c}{\~a}o e Dissemina{\c c}{\~a}o de Informa{\c c}{\~o}es. Funda{\c c}{\~a}o Intituto Brasileiro de Geografia e Estat{\'\i}stica},
	Title = {Normas de apresenta{\c c}{\~a}o tabular},
	Urlaccessdate = {21 ago. 2013},
	Year = {1993}}

@misc{abntex2-wiki-como-customizar,
	Author = {Lauro C{\'e}sar Araujo},
	Date-Added = {2013-03-23 21:39:21 +0000},
	Date-Modified = {2015-04-27 22:43:06 +0000},
	Howpublished = {Wiki do abnTeX2},
	Keywords = {wiki},
	Title = {Como customizar o abnTeX2},
	Url = {https://github.com/abntex/abntex2/wiki/ComoCustomizar},
	Urlaccessdate = {27 abr. 2015},
	Year = {2015},
	Bdsk-Url-1 = {https://github.com/abntex/abntex2/wiki/ComoCustomizar}}

@manual{talbot2012,
	Author = {Nicola L.C. Talbot},
	Date-Added = {2013-03-11 12:06:04 +0000},
	Date-Modified = {2013-03-11 12:06:56 +0000},
	Month = {Nov.},
	Title = {User Manual for glossaries.sty},
	Url = {http://mirrors.ctan.org/macros/latex/contrib/glossaries/glossaries-user.pdf},
	Urlaccessdate = {11 mar. 2013},
	Year = {2012},
	Bdsk-Url-1 = {http://mirrors.ctan.org/macros/latex/contrib/glossaries/glossaries-user.pdf}}

@manual{babel,
	Author = {Johannes Braams},
	Date-Added = {2013-02-17 13:37:14 +0000},
	Date-Modified = {2013-02-17 13:38:38 +0000},
	Month = {Apr.},
	Title = {Babel, a multilingual package for use with LATEX's standard document classes},
	Url = {http://mirrors.ctan.org/info/babel/babel.pdf},
	Urlaccessdate = {17 fev. 2013},
	Year = {2008},
	Bdsk-Url-1 = {http://mirrors.ctan.org/info/babel/babel.pdf}}

@manual{abntex2modelo-artigo,
	Annote = {Este documento {\'e} derivado do \cite{abnt-bibtex-doc}},
	Author = {Lauro C{\'e}sar Araujo},
	Date-Added = {2013-01-15 00:10:35 +0000},
	Date-Modified = {2015-04-27 22:43:13 +0000},
	Organization = {Equipe abnTeX2},
	Title = {Modelo Can{\^o}nico de Artigo Cient{\'\i}fico com abnTeX2},
	Url = {http://www.abntex.net.br/},
	Year = {2015},
	Bdsk-Url-1 = {http://www.abntex.net.br/}}

@manual{abntex2modelo-relatorio,
	Annote = {Este documento {\'e} derivado do \cite{abnt-bibtex-doc}},
	Author = {Lauro C{\'e}sar Araujo},
	Date-Added = {2013-01-15 00:05:34 +0000},
	Date-Modified = {2015-04-27 22:43:18 +0000},
	Organization = {Equipe abnTeX2},
	Title = {Modelo Can{\^o}nico de Relat{\'o}rio T{\'e}cnico e/ou Cient{\'\i}fico com abnTeX2},
	Url = {http://www.abntex.net.br/},
	Year = {2015},
	Bdsk-Url-1 = {http://www.abntex.net.br/}}

@manual{abntex2modelo,
	Annote = {Este documento {\'e} derivado do \cite{abnt-bibtex-doc}},
	Author = {Lauro C{\'e}sar Araujo},
	Date-Added = {2013-01-12 22:55:32 +0000},
	Date-Modified = {2015-04-27 22:43:32 +0000},
	Organization = {Equipe abnTeX2},
	Title = {Modelo Can{\^o}nico de Trabalho Acad{\^e}mico com abnTeX2},
	Url = {http://www.abntex.net.br/},
	Year = {2015},
	Bdsk-Url-1 = {http://www.abntex.net.br/}}

@mastersthesis{araujo2012,
	Address = {Bras{\'\i}lia},
	Author = {Lauro C{\'e}sar Araujo},
	Date-Added = {2013-01-09 11:04:42 +0000},
	Date-Modified = {2013-01-09 11:04:42 +0000},
	Month = {mar.},
	School = {Universidade de Bras{\'\i}lia},
	Subtitle = {uma perspectiva de {A}rquitetura da {I}nforma{\c c}{\~a}o da {E}scola de {B}ras{\'\i}lia},
	Title = {Configura{\c c}{\~a}o},
	Year = {2012}}

@manual{memoir,
	Address = {Normandy Park, WA},
	Author = {Peter Wilson and Lars Madsen},
	Date-Added = {2013-01-09 10:37:50 +0000},
	Date-Modified = {2013-03-21 13:23:25 +0000},
	Organization = {The Herries Press},
	Title = {The Memoir Class for Configurable Typesetting - User Guide},
	Url = {http://mirrors.ctan.org/macros/latex/contrib/memoir/memman.pdf},
	Urlaccessdate = {19 dez. 2012},
	Year = {2010},
	Bdsk-Url-1 = {http://ctan.tche.br/macros/latex/contrib/memoir/memman.pdf}}

@manual{abntex2cite-alf,
	Annote = {Este documento {\'e} derivado do \cite{abnt-bibtex-alf-doc}},
	Author = {Lauro C{\'e}sar Araujo},
	Date-Added = {2013-01-09 10:37:45 +0000},
	Date-Modified = {2015-04-27 22:43:44 +0000},
	Organization = {Equipe abnTeX2},
	Title = {O pacote abntex2cite: t{\'o}picos espec{\'\i}ficos da ABNT NBR 10520:2002 e o estilo bibliogr{\'a}fico alfab{\'e}tico (sistema autor-data)},
	Url = {http://www.abntex.net.br/},
	Year = {2015},
	Bdsk-Url-1 = {http://www.abntex.net.br/}}

@manual{abntex2cite,
	Annote = {Este documento {\'e} derivado do \cite{abnt-bibtex-doc}},
	Author = {Lauro C{\'e}sar Araujo},
	Date-Added = {2013-01-09 10:37:45 +0000},
	Date-Modified = {2015-04-27 22:43:38 +0000},
	Organization = {Equipe abnTeX2},
	Title = {O pacote abntex2cite: Estilos bibliogr{\'a}ficos compat{\'\i}veis com a ABNT NBR 6023},
	Url = {http://www.abntex.net.br/},
	Year = {2015},
	Bdsk-Url-1 = {http://www.abntex.net.br/}}

@manual{abntex2classe,
	Author = {Lauro C{\'e}sar Araujo},
	Date-Added = {2013-01-09 10:37:38 +0000},
	Date-Modified = {2015-04-27 22:42:47 +0000},
	Organization = {Equipe abnTeX2},
	Title = {A classe abntex2: Modelo can{\^o}nico de trabalhos acad{\^e}micos brasileiros compat{\'\i}vel com as normas ABNT NBR 14724:2011, ABNT NBR 6024:2012 e outras},
	Url = {http://www.abntex.net.br/},
	Year = {2015},
	Bdsk-Url-1 = {http://www.abntex.net.br/}}

@manual{NBR10520:2002,
	Address = {Rio de Janeiro},
	Date-Added = {2012-12-15 21:43:38 +0000},
	Date-Modified = {2013-01-12 22:17:20 +0000},
	Month = {ago.},
	Org-Short = {ABNT},
	Organization = {Associa{\c c}\~ao Brasileira de Normas T\'ecnicas},
	Pages = 7,
	Subtitle = {Informa{\c c}\~ao e documenta{\c c}\~ao --- Apresenta{\c c}\~ao de cita{\c c}\~oes em documentos},
	Title = {{NBR} 10520},
	Year = 2002}

@manual{NBR6024:2012,
	Address = {Rio de Janeiro},
	Date-Added = {2012-12-15 21:24:06 +0000},
	Date-Modified = {2012-12-15 21:24:28 +0000},
	Month = {fev.},
	Org-Short = {ABNT},
	Organization = {Associa{\c c}\~ao Brasileira de Normas T\'ecnicas},
	Pages = 4,
	Subtitle = {Numera{\c c}\~ao progressiva das se{\c c}\~oes de um documento},
	Title = {{NBR} 6024},
	Year = 2012}

@manual{NBR6028:2003,
	Address = {Rio de Janeiro},
	Date-Added = {2012-12-15 21:02:12 +0000},
	Date-Modified = {2012-12-15 21:02:50 +0000},
	Month = {nov.},
	Org-Short = {ABNT},
	Organization = {Associa{\c c}\~ao Brasileira de Normas T\'ecnicas},
	Pages = 2,
	Subtitle = {Resumo - Apresenta{\c c}{\~a}o},
	Title = {{NBR} 6028},
	Year = 2003}

@manual{NBR14724:2001,
	Address = {Rio de Janeiro},
	Date-Added = {2012-12-15 20:34:08 +0000},
	Date-Modified = {2012-12-15 20:34:08 +0000},
	Month = {jul.},
	Org-Short = {ABNT},
	Organization = {Associa{\c c}\~ao Brasileira de Normas T\'ecnicas},
	Pages = 6,
	Subtitle = {Informa{\c c}\~ao e documenta{\c c}\~ao --- trabalhos acad\^emicos --- apresenta{\c c}\~ao},
	Title = {{NBR} 14724},
	Year = 2001}

@manual{NBR14724:2002,
	Address = {Rio de Janeiro},
	Date-Added = {2012-12-15 20:34:17 +0000},
	Date-Modified = {2012-12-15 20:34:17 +0000},
	Month = {ago.},
	Org-Short = {ABNT},
	Organization = {Associa{\c c}\~ao Brasileira de Normas T\'ecnicas},
	Pages = 6,
	Subtitle = {Informa{\c c}\~ao e documenta{\c c}\~ao --- trabalhos acad\^emicos --- apresenta{\c c}\~ao},
	Title = {{NBR} 14724},
	Year = 2002}

@manual{NBR14724:2005,
	Address = {Rio de Janeiro},
	Date-Added = {2012-12-15 20:34:08 +0000},
	Date-Modified = {2012-12-15 20:35:25 +0000},
	Month = {dez.},
	Org-Short = {ABNT},
	Organization = {Associa{\c c}\~ao Brasileira de Normas T\'ecnicas},
	Pages = 9,
	Subtitle = {Informa{\c c}\~ao e documenta{\c c}\~ao --- trabalhos acad\^emicos --- apresenta{\c c}\~ao},
	Title = {{NBR} 14724},
	Year = 2005}

@manual{NBR14724:2011,
	Address = {Rio de Janeiro},
	Date-Added = {2012-12-15 20:34:08 +0000},
	Date-Modified = {2012-12-15 20:35:25 +0000},
	Month = {mar.},
	Note = {Substitui a Ref.~\citeonline{NBR14724:2005}},
	Org-Short = {ABNT},
	Organization = {Associa{\c c}\~ao Brasileira de Normas T\'ecnicas},
	Pages = 15,
	Subtitle = {Informa{\c c}\~ao e documenta{\c c}\~ao --- trabalhos acad\^emicos --- apresenta{\c c}\~ao},
	Title = {{NBR} 14724},
	Year = 2011}

@article{van86,
	Author = {{van}, Gigch, John P. and Leo L. Pipino},
	Journal = {Future Computing Systems},
	Number = {1},
	Pages = {71-97},
	Title = {In search for a paradigm for the discipline of information systems},
	Volume = {1},
	Year = {1986}}

@phdthesis{guizzardi2005,
	Address = {Enschede, The Netherlands},
	Author = {Giancarlo Guizzardi},
	Date-Added = {2012-04-23 11:35:28 +0000},
	Date-Modified = {2012-04-23 11:35:28 +0000},
	School = {Centre for Telematics and Information Technology, University of Twente},
	Title = {Ontological Foundations for Structural Conceptual Models},
	Url = {http://www.loa.istc.cnr.it/Guizzardi/SELMAS-CR.pdf},
	Urlaccessdate = {3 jul. 2011},
	Year = {2005},
	Bdsk-Url-1 = {http://www.loa.istc.cnr.it/Guizzardi/SELMAS-CR.pdf}}

@mastersthesis{macedo2005,
	Author = {Fl{\'a}via L. Macedo},
	Date-Added = {2012-04-23 11:35:13 +0000},
	Date-Modified = {2012-04-23 11:35:13 +0000},
	Keywords = {arquitetura da informa{\c c}{\~a}o},
	School = {Universidade de Bras{\'\i}lia},
	Title = {Arquitetura da Informa{\c c}{\~a}o: aspectos espistemol{\'o}gicos, cient{\'\i}ficos e pr{\'a}ticos.},
	Type = {Disserta{\c c}{\~a}o de Mestrado},
	Year = {2005}}

@manual{EIA649B,
	Address = {EUA},
	Date-Added = {2012-04-23 11:34:59 +0000},
	Date-Modified = {2012-04-23 11:34:59 +0000},
	Keywords = {norma},
	Month = {June},
	Organization = {TechAmerica},
	Title = {ANSI/EIA 649-B: Configuration Management Standard},
	Year = {2011}}

@inproceedings{masolo2010,
	Author = {Claudio Masolo},
	Booktitle = {Proceedings of the Twelfth International Conference on the Principles of Knowledge Representation and Reasoning (KR 2010)},
	Date-Added = {2012-04-23 11:34:38 +0000},
	Date-Modified = {2012-04-23 11:34:38 +0000},
	Editor = {Lin, F. and Sattler, U.},
	Pages = {258-268},
	Publisher = {AAAI Press},
	Title = {Understanding Ontological Levels},
	Url = {http://wiki.loa-cnr.it/Papers/kr10v0.7.pdf},
	Urlaccessdate = {2 jan. 2012},
	Year = {2010},
	Bdsk-Url-1 = {http://wiki.loa-cnr.it/Papers/kr10v0.7.pdf}}

@inbook{guarino1995,
	Address = {Vienna},
	Author = {Nicola Guarino},
	Booktitle = {Philosophy and the Cognitive Science},
	Date-Added = {2012-04-23 11:34:29 +0000},
	Date-Modified = {2012-04-23 11:34:29 +0000},
	Editor = {R. Casati and B. Smith and G. White},
	Month = {Sept.},
	Pages = {443-456},
	Publisher = {Holder-Pivhler-Tempsky},
	Title = {The Ontological Level},
	Url = {http://wiki.loa-cnr.it/Papers/OntLev.pdf},
	Urlaccessdate = {2 jan. 2012},
	Year = {1995},
	Bdsk-Url-1 = {http://wiki.loa-cnr.it/Papers/OntLev.pdf}}

@incollection{bates2010,
	Address = {New York},
	Author = {Marcia J. Bates},
	Booktitle = {Encyclopedia of Library and Information Sciences},
	Date-Added = {2012-04-23 11:34:29 +0000},
	Date-Modified = {2012-04-23 11:34:29 +0000},
	Edition = {3rd},
	Editor = {Marcia J. Bates and Mary Niles Maack},
	Pages = {2347-2360},
	Publisher = {CRC Press},
	Title = {Information},
	Url = {http://pages.gseis.ucla.edu/faculty/bates/articles/information.html},
	Urlaccessdate = {24 out. 2011},
	Volume = {3},
	Year = {2010},
	Bdsk-Url-1 = {http://pages.gseis.ucla.edu/faculty/bates/articles/information.html}}

@book{doxiadis1965,
	Author = {Constantinos A. Doxiadis},
	Date-Added = {2012-04-23 11:34:20 +0000},
	Date-Modified = {2012-04-23 11:34:20 +0000},
	Publisher = {Ceira - Coimbra},
	Title = {Arquitetura em Transi{\c c}{\~a}o},
	Year = {1965}}

@book{dewey1980,
	Address = {New York, NY, USA},
	Author = {John Dewey},
	Date-Added = {2012-04-23 11:34:16 +0000},
	Date-Modified = {2012-04-23 11:34:16 +0000},
	Publisher = {Perigee Books},
	Title = {Art as Experience},
	Year = {1980}}